<?xml version="1.0" encoding="UTF-8"?>
<!-- Search-Engine-Total-Number-Of-Results: 1884157 -->
<collection xmlns="http://www.loc.gov/MARC21/slim">
	<record>
		<controlfield tag="001">9218920</controlfield>
		<controlfield tag="005">20120904111904.0</controlfield>
		<!-- MODIFIED: added to test doi: search -->
		<datafield tag="024" ind1=" " ind2=" ">
		    <subfield code="a">doi:abcds/esdfs.123045</subfield>
		</datafield>
	    <datafield tag="035" ind1=" " ind2=" ">
	      <subfield code="a">arXiv:hep-ph/1234</subfield>
	    </datafield>
		<datafield ind1=" " ind2=" " tag="035">
			<subfield code="a">2012yCat.2311....0C</subfield>
			<subfield code="2">ADS bibcode</subfield>
			<subfield code="7">ADS metadata</subfield>
		</datafield>
		<datafield ind1=" " ind2=" " tag="100">
			<subfield code="a">Cutri, R. M.</subfield>
			<subfield code="b">Cutri, R</subfield>
			<subfield code="e">regular</subfield>
			<subfield code="7">SIMBAD</subfield>
			<!-- MODIFIED: added for email testing -->
			<subfield code="m">rcutri@example.edu</subfield>
		</datafield>
		<datafield ind1=" " ind2=" " tag="245">
			<subfield code="a">WISE All-Sky Data Release (Cutri+ 2012)</subfield>
			<subfield code="7">SIMBAD</subfield>
		</datafield>
		<datafield ind1=" " ind2=" " tag="260">
			<subfield code="c">2012-04-00</subfield>
			<subfield code="t">date-published</subfield>
			<subfield code="7">SIMBAD</subfield>
		</datafield>
		<datafield ind1=" " ind2=" " tag="260">
			<subfield code="c">2012-04-00</subfield>
			<subfield code="t">main-date</subfield>
			<subfield code="7">ADS metadata</subfield>
		</datafield>
		<datafield ind1=" " ind2=" " tag="500">
			<subfield code="a">wise.sam 1000x346 Sample of the WISE All-Sky release; (among 563,921,584 sources)</subfield>
			<subfield code="7">SIMBAD</subfield>
			<subfield code="9">SIMBAD</subfield>
		</datafield>
		<datafield ind1=" " ind2=" " tag="520">
			<subfield code="a">The Wide-field Infrared Survey Explorer (WISE; see Wright et al. 2010AJ....140.1868W) is a NASA Medium Class Explorer mission that conducted a digital imaging survey of the entire sky in the 3.4, 4.6, 12 and 22um mid-infrared bandpasses (hereafter W1, W2, W3 and W4). WISE will produce and release to the world astronomical and educational communities and general public a digital Image Atlas covering the sky in the four survey bands, and a reliable Source Catalog containing accurate photometry and astrometry for over 300 million objects. The WISE Catalog and Atlas will enable a broad variety of research efforts ranging from the search for the closest stars and brown dwarfs to the most luminous galaxies in the Universe. WISE science data products will serve as an important reference data set for planning observations and interpreting data obtained with future ground and space-borne observatories, such as JWST. WISE was launched on 2009-12-14 from Vandenberg SLC2W.(1 data file).</subfield>
			<subfield code="7">SIMBAD</subfield>
		</datafield>
		<datafield ind1=" " ind2=" " tag="591">
			<subfield code="a">2012wise.rept....1C</subfield>
			<subfield code="c">Source Paper</subfield>
			<subfield code="7">ADS metadata</subfield>
		</datafield>
		<datafield ind1=" " ind2=" " tag="591">
			<subfield code="a">2012yCat.2311....0C</subfield>
			<subfield code="c">Catalog Description</subfield>
			<subfield code="7">ADS metadata</subfield>
		</datafield>
		<datafield ind1="1" ind2=" " tag="653">
			<subfield code="a">WISE</subfield>
			<subfield code="b"/>
			<subfield code="7">SIMBAD</subfield>
		</datafield>
		<datafield ind1=" " ind2=" " tag="700">
			<subfield code="a">et al.</subfield>
			<subfield code="b"/>
			<subfield code="e">regular</subfield>
			<subfield code="7">SIMBAD</subfield>
		</datafield>
		<datafield ind1=" " ind2=" " tag="773">
			<subfield code="p">VizieR Online Data Catalog</subfield>
			<subfield code="v">2311</subfield>
			<subfield code="c">0</subfield>
			<!-- MODIFIED: added for page: field testing -->
			<subfield code="i">2056</subfield>
			<subfield code="y">2012</subfield>
			<subfield code="z">VizieR On-line Data Catalog: II/311.  Originally published in: 2012yCat.2311....0C; 2012wise.rept....1C</subfield>
			<subfield code="7">SIMBAD</subfield>
		</datafield>
		<datafield ind1="4" ind2=" " tag="856">
			<subfield code="u">http://$VIZIER$/viz-bin/VizieR?-source=II/311</subfield>
			<subfield code="y"/>
			<subfield code="3">data</subfield>
			<subfield code="7">ADS metadata</subfield>
		</datafield>
		<datafield ind1="4" ind2=" " tag="856">
			<subfield code="u">http://adsabs.harvard.edu/abs/2012yCat.2311....0C</subfield>
			<subfield code="y"/>
			<subfield code="3">ADSlink</subfield>
			<subfield code="7">ADS metadata</subfield>
		</datafield>
		<datafield ind1=" " ind2=" " tag="961">
			<subfield code="c">2012-08-30T11:02:09</subfield>
			<subfield code="x">2012-08-30T11:02:09</subfield>
			<subfield code="7">SIMBAD</subfield>
		</datafield>
		<datafield ind1=" " ind2=" " tag="970">
			<subfield code="a">2012yCat.2311....0C</subfield>
			<subfield code="7">ADS metadata</subfield>
		</datafield>
		<datafield ind1=" " ind2=" " tag="980">
			<subfield code="a">ASTRONOMY</subfield>
			<subfield code="7">ADS metadata</subfield>
		</datafield>
		<datafield ind1=" " ind2=" " tag="980">
			<subfield code="p">NONARTICLE</subfield>
			<subfield code="7">ADS metadata</subfield>
		</datafield>
		<datafield ind1=" " ind2=" " tag="980">
			<subfield code="p">CATALOG</subfield>
			<subfield code="7">ADS metadata</subfield>
		</datafield>
		<!-- MODIFIED: added to test bibgroup search -->
        <datafield ind1=" " ind2=" " tag="980">
            <subfield code="b">CfA</subfield>
            <subfield code="7">ADS metadata</subfield>
        </datafield>
		<datafield ind1=" " ind2=" " tag="995">
			<subfield code="a">{"abs":[{"p":"/proj/ads/abstracts/ast/text/R13/R13-18086.abs","primary":1,"t":"1346338929"}],"links":{"associated":[{"t":"Source Paper","u":"2012wise.rept....1C"},{"t":"Catalog Description","u":"2012yCat.2311....0C"}],"data":[{"u":"http://$VIZIER$/viz-bin/VizieR?-source=II/311"}]},"prop":["nonarticle"]}</subfield>
			<subfield code="7">ADS metadata</subfield>
		</datafield>
	</record>