
	<record>
		<controlfield tag="001">3</controlfield>
		<datafield ind1=" " ind2=" " tag="970">
			<subfield code="a">9999XXXX..xxxxxxxx3</subfield>
		</datafield>
		<datafield ind1=" " ind2=" " tag="245">
			<subfield code="a">The title is not available</subfield>
		</datafield>
	</record>