
	<record>
		<controlfield tag="001">9218605</controlfield>
		<controlfield tag="005">20120813160459.0</controlfield>
		<datafield ind1=" " ind2=" " tag="024">
			<subfield code="a">doi:ŽŠČŘĎŤŇ.123456789</subfield>
		</datafield>
		<datafield ind1=" " ind2=" " tag="035">
			<subfield code="a">2012yCat..35409143M</subfield>
			<subfield code="2">ADS bibcode</subfield>
			<subfield code="7">ADS metadata</subfield>
		</datafield>
		<datafield ind1=" " ind2=" " tag="100">
			<subfield code="a">Mosser, B.</subfield>
			<subfield code="b">Mosser, B</subfield>
			<subfield code="e">regular</subfield>
			<subfield code="7">SIMBAD</subfield>
		</datafield>
		<datafield ind1=" " ind2=" " tag="245">
			<subfield code="a">Oscillations of red giants observed by Kepler (Mosser+, 2012)</subfield>
			<subfield code="7">SIMBAD</subfield>
		</datafield>
		<datafield ind1=" " ind2=" " tag="242">
			<subfield code="a">Probing red giants observed by Kepler (Mosser+, 2012)</subfield>
			<subfield code="7">SIMBAD</subfield>
		</datafield>
		<datafield ind1=" " ind2=" " tag="260">
			<subfield code="c">2012-04-00</subfield>
			<subfield code="t">date-published</subfield>
			<subfield code="7">SIMBAD</subfield>
		</datafield>
		<datafield ind1=" " ind2=" " tag="260">
			<subfield code="c">2012-04-00</subfield>
			<subfield code="t">main-date</subfield>
			<subfield code="7">ADS metadata</subfield>
		</datafield>
		<datafield ind1=" " ind2=" " tag="500">
			<subfield code="a">table1.dat 218x63 Characteristic parameters of the red giants</subfield>
			<subfield code="7">SIMBAD</subfield>
			<subfield code="9">SIMBAD</subfield>
		</datafield>
		<datafield ind1=" " ind2=" " tag="520">
			<subfield code="a">Asymptotic mixed-modes parameters of the red giant oscillation spectra shown in the paper. Dnu is the large separation. numax indicates the central frequency of the oscillation power excess. DPi1 is the gravity period spacing, e&lt;SUB&gt;DPi1 its uncertainty, assuming that {epsilon}&lt;/SUB&gt;g_ is fixed to 1/2. If Dpi1 changes too much along the mixed-mode spectrum, DPi1b gives the second possible value. q is the coupling factor, e_q its uncertainty. Mass and Rad are the asteroseismic estimates of the stellar mass and radius from scaling relations, using Teff from the Kepler Input Catalog (Brown et al. 2011, Cat. V/133). The division between RGB and clump stars is derived from Fig. 3; the limit between the primary and secondary clump stars is set at 1.8 solar mass.(1 data file).</subfield>
			<subfield code="7">SIMBAD</subfield>
		</datafield>
		<datafield ind1=" " ind2=" " tag="591">
			<subfield code="a">2012A&amp;A...540A.143M</subfield>
			<subfield code="c">Source Paper</subfield>
			<subfield code="7">ADS metadata</subfield>
		</datafield>
		<datafield ind1=" " ind2=" " tag="591">
			<subfield code="a">2012yCat..35409143M</subfield>
			<subfield code="c">Catalog Description</subfield>
			<subfield code="7">ADS metadata</subfield>
		</datafield>
		<datafield ind1="1" ind2=" " tag="653">
			<subfield code="a">Stars: giant</subfield>
			<subfield code="b"/>
			<subfield code="7">SIMBAD</subfield>
		</datafield>
		<datafield ind1="1" ind2=" " tag="653">
			<subfield code="a">Spectroscopy</subfield>
			<subfield code="b"/>
			<subfield code="7">SIMBAD</subfield>
		</datafield>
		<datafield ind1=" " ind2=" " tag="700">
			<subfield code="a">Goupil, M. J.</subfield>
			<subfield code="b">Goupil, M</subfield>
			<subfield code="e">regular</subfield>
			<!-- MODIFIED: added for email testing -->
			<subfield code="m">mgoupil@example.edu</subfield>
		</datafield>
		<datafield ind1=" " ind2=" " tag="700">
			<subfield code="a">Belkacem, K.</subfield>
			<subfield code="b">Belkacem, K</subfield>
			<subfield code="e">regular</subfield>
			<!-- MODIFIED: added for email testing -->
			<subfield code="m">kbelkacem@example.edu</subfield>
		</datafield>
		<datafield ind1=" " ind2=" " tag="700">
			<subfield code="a">Stello, D.</subfield>
			<subfield code="b">Stello, D</subfield>
			<subfield code="e">regular</subfield>
			<subfield code="7">SIMBAD</subfield>
		</datafield>
		<datafield ind1=" " ind2=" " tag="700">
			<subfield code="a">Marques, J. P.</subfield>
			<subfield code="b">Marques, J</subfield>
			<subfield code="e">regular</subfield>
			<subfield code="7">SIMBAD</subfield>
		</datafield>
		<datafield ind1=" " ind2=" " tag="700">
			<subfield code="a">Elsworth, Y.</subfield>
			<subfield code="b">Elsworth, Y</subfield>
			<subfield code="e">regular</subfield>
			<subfield code="7">SIMBAD</subfield>
		</datafield>
		<datafield ind1=" " ind2=" " tag="700">
			<subfield code="a">Barban, C.</subfield>
			<subfield code="b">Barban, C</subfield>
			<subfield code="e">regular</subfield>
			<subfield code="7">SIMBAD</subfield>
		</datafield>
		<datafield ind1=" " ind2=" " tag="700">
			<subfield code="a">Beck, P. G.</subfield>
			<subfield code="b">Beck, P</subfield>
			<subfield code="e">regular</subfield>
			<subfield code="7">SIMBAD</subfield>
		</datafield>
		<datafield ind1=" " ind2=" " tag="700">
			<subfield code="a">Bedding, T. R.</subfield>
			<subfield code="b">Bedding, T</subfield>
			<subfield code="e">regular</subfield>
			<subfield code="7">SIMBAD</subfield>
		</datafield>
		<datafield ind1=" " ind2=" " tag="700">
			<subfield code="a">De Ridder, J.</subfield>
			<subfield code="b">De Ridder, J</subfield>
			<subfield code="e">regular</subfield>
			<subfield code="7">SIMBAD</subfield>
		</datafield>
		<datafield ind1=" " ind2=" " tag="700">
			<subfield code="a">Garcia, R. A.</subfield>
			<subfield code="b">Garcia, R</subfield>
			<subfield code="e">regular</subfield>
			<subfield code="7">SIMBAD</subfield>
		</datafield>
		<datafield ind1=" " ind2=" " tag="700">
			<subfield code="a">Hekker, S.</subfield>
			<subfield code="b">Hekker, S</subfield>
			<subfield code="e">regular</subfield>
			<subfield code="7">SIMBAD</subfield>
		</datafield>
		<datafield ind1=" " ind2=" " tag="700">
			<subfield code="a">Kallinger, T.</subfield>
			<subfield code="b">Kallinger, T</subfield>
			<subfield code="e">regular</subfield>
			<subfield code="7">SIMBAD</subfield>
		</datafield>
		<datafield ind1=" " ind2=" " tag="700">
			<subfield code="a">Samadi, R.</subfield>
			<subfield code="b">Samadi, R</subfield>
			<subfield code="e">regular</subfield>
			<subfield code="7">SIMBAD</subfield>
		</datafield>
		<datafield ind1=" " ind2=" " tag="700">
			<subfield code="a">Stumpe, M. C.</subfield>
			<subfield code="b">Stumpe, M</subfield>
			<subfield code="e">regular</subfield>
			<subfield code="7">SIMBAD</subfield>
		</datafield>
		<datafield ind1=" " ind2=" " tag="700">
			<subfield code="a">Barclay, T.</subfield>
			<subfield code="b">Barclay, T</subfield>
			<subfield code="e">regular</subfield>
			<subfield code="7">SIMBAD</subfield>
		</datafield>
		<datafield ind1=" " ind2=" " tag="700">
			<subfield code="a">Burke, C. J.</subfield>
			<subfield code="b">Burke, C</subfield>
			<subfield code="e">regular</subfield>
			<subfield code="7">SIMBAD</subfield>
		</datafield>
		<datafield ind1=" " ind2=" " tag="773">
			<subfield code="p">VizieR Online Data Catalog</subfield>
			<subfield code="v">354</subfield>
			<subfield code="c">09143</subfield>
			<subfield code="y">2012</subfield>
			<subfield code="z">VizieR On-line Data Catalog: J/A+A/540/A143. Originally published in: 2012A&amp;A...540A.143M</subfield>
			<subfield code="7">SIMBAD</subfield>
		</datafield>
		<datafield ind1="4" ind2=" " tag="856">
			<subfield code="u">http://$VIZIER$/viz-bin/VizieR?-source=J/A+A/540/A143</subfield>
			<subfield code="y"/>
			<subfield code="3">data</subfield>
			<subfield code="7">ADS metadata</subfield>
		</datafield>
		<datafield ind1="4" ind2=" " tag="856">
			<subfield code="u">http://adsabs.harvard.edu/abs/2012yCat..35409143M</subfield>
			<subfield code="y"/>
			<subfield code="3">ADSlink</subfield>
			<subfield code="7">ADS metadata</subfield>
		</datafield>
		<datafield ind1=" " ind2=" " tag="961">
			<subfield code="c">2012-07-11T10:34:43</subfield>
			<subfield code="x">2012-07-11T10:34:43</subfield>
			<subfield code="7">SIMBAD</subfield>
		</datafield>
		<datafield ind1=" " ind2=" " tag="970">
			<subfield code="a">2012yCat..35409143M</subfield>
			<subfield code="7">ADS metadata</subfield>
		</datafield>
		<datafield ind1=" " ind2=" " tag="980">
			<subfield code="a">ASTRONOMY</subfield>
			<subfield code="7">ADS metadata</subfield>
		</datafield>
		<datafield ind1=" " ind2=" " tag="980">
			<subfield code="p">NONARTICLE</subfield>
			<subfield code="7">ADS metadata</subfield>
		</datafield>
		<datafield ind1=" " ind2=" " tag="980">
			<subfield code="p">CATALOG</subfield>
			<subfield code="7">ADS metadata</subfield>
		</datafield>
		<!-- MODIFIED: added to test bibgroup search -->
        <datafield ind1=" " ind2=" " tag="980">
            <subfield code="b">CfA</subfield>
            <subfield code="7">ADS metadata</subfield>
        </datafield>
		<datafield ind1=" " ind2=" " tag="995">
			<subfield code="a">{"abs":[{"p":"/proj/ads/abstracts/ast/text/R13/R13-18095.abs","primary":1,"t":"1342017283"}],"links":{"associated":[{"t":"Source Paper","u":"2012A&amp;A...540A.143M"},{"t":"Catalog Description","u":"2012yCat..35409143M"}],"data":[{"u":"http://$VIZIER$/viz-bin/VizieR?-source=J/A+A/540/A143"}]},"prop":["nonarticle"]}</subfield>
			<subfield code="7">ADS metadata</subfield>
		</datafield>
	</record>