
	<record>
		<controlfield tag="001">9218511</controlfield>
		<controlfield tag="005">20120813160452.0</controlfield>
		<datafield tag="035" ind1=" " ind2=" ">
			<subfield code="a">2012yCat..21990024T</subfield>
			<subfield code="2">ADS bibcode</subfield>
			<subfield code="7">ADS metadata</subfield>
		</datafield>
		<datafield tag="100" ind1=" " ind2=" ">
			<subfield code="a">Tenenbaum, P.</subfield>
			<subfield code="b">Tenenbaum, P</subfield>
			<subfield code="e">regular</subfield>
			<subfield code="7">SIMBAD</subfield>
			<subfield code="u">Massachusetts Institute of Technology, Kavli Institute for Astrophysics and Space Research, 77 Massachusetts Avenue, Cambridge, MA 02139, USA</subfield>
		</datafield>
		<datafield tag="245" ind1=" " ind2=" ">
			<subfield code="a">The first three quarters of Kepler mission (Tenenbaum+, 2012)</subfield>
			<subfield code="7">SIMBAD</subfield>
		</datafield>
		<datafield tag="260" ind1=" " ind2=" ">
			<subfield code="c">2012-03-00</subfield>
			<subfield code="t">date-published</subfield>
			<subfield code="7">SIMBAD</subfield>
		</datafield>
		<datafield tag="260" ind1=" " ind2=" ">
			<subfield code="c">2012-03-00</subfield>
			<subfield code="t">main-date</subfield>
			<subfield code="7">ADS metadata</subfield>
		</datafield>
		<datafield tag="500" ind1=" " ind2=" ">
			<subfield code="a">table1.dat 5392x62 List of detections in first 3 quarters of Kepler data</subfield>
			<subfield code="7">SIMBAD</subfield>
			<subfield code="9">SIMBAD</subfield>
		</datafield>
		<datafield tag="520" ind1=" " ind2=" ">
			<subfield code="a">The data acquisition period selected for this analysis spans the first three quarters (Q1-Q3) of science observation, spanning the interval from 2009 May 12 00:00:00 UTC to 2009 December 17 23:59:59 UTC, a total period of 218 days.(1 data file).</subfield>
			<subfield code="7">SIMBAD</subfield>
		</datafield>
		<datafield tag="591" ind1=" " ind2=" ">
			<subfield code="a">2012ApJS..199...24T</subfield>
			<subfield code="c">Source Paper</subfield>
			<subfield code="7">ADS metadata</subfield>
		</datafield>
		<datafield tag="591" ind1=" " ind2=" ">
			<subfield code="a">2012yCat..21990024T</subfield>
			<subfield code="c">Catalog Description</subfield>
			<subfield code="7">ADS metadata</subfield>
		</datafield>
		<datafield tag="653" ind1="1" ind2=" ">
			<subfield code="a">Planets</subfield>
			<subfield code="b">planets and satellites</subfield>
			<subfield code="7">SIMBAD</subfield>
		</datafield>
		<datafield tag="653" ind1="1" ind2=" ">
			<subfield code="a">Stars: double and multiple</subfield>
			<subfield code="b"></subfield>
			<subfield code="7">SIMBAD</subfield>
		</datafield>
		<datafield tag="653" ind1="1" ind2=" ">
			<subfield code="a">Magnitudes</subfield>
			<subfield code="b"></subfield>
			<subfield code="7">SIMBAD</subfield>
		</datafield>
		<datafield tag="700" ind1=" " ind2=" ">
			<subfield code="a">Christiansen, J. L.</subfield>
			<subfield code="b">Christiansen, J</subfield>
			<subfield code="e">regular</subfield>
			<subfield code="7">SIMBAD</subfield>
			<subfield code="u">Astrophysics Science Division, Mail Code 662, NASA Goddard Space Flight Center, Greenbelt, MD 20771, USA</subfield>
		</datafield>
		<datafield tag="700" ind1=" " ind2=" ">
			<subfield code="a">Jenkins, J. M.</subfield>
			<subfield code="b">Jenkins, J</subfield>
			<subfield code="e">regular</subfield>
			<subfield code="7">SIMBAD</subfield>
		</datafield>
		<datafield tag="700" ind1=" " ind2=" ">
			<subfield code="a">Rowe, J. F.</subfield>
			<subfield code="b">Rowe, J</subfield>
			<subfield code="e">regular</subfield>
			<subfield code="7">SIMBAD</subfield>
		</datafield>
		<datafield tag="700" ind1=" " ind2=" ">
			<subfield code="a">Seader, S.</subfield>
			<subfield code="b">Seader, S</subfield>
			<subfield code="e">regular</subfield>
			<subfield code="7">SIMBAD</subfield>
		</datafield>
		<datafield tag="700" ind1=" " ind2=" ">
			<subfield code="a">Caldwell, D. A.</subfield>
			<subfield code="b">Caldwell, D</subfield>
			<subfield code="e">regular</subfield>
			<subfield code="7">SIMBAD</subfield>
		</datafield>
		<datafield tag="700" ind1=" " ind2=" ">
			<subfield code="a">Clarke, B. D.</subfield>
			<subfield code="b">Clarke, B</subfield>
			<subfield code="e">regular</subfield>
			<subfield code="7">SIMBAD</subfield>
		</datafield>
		<datafield tag="700" ind1=" " ind2=" ">
			<subfield code="a">Li, J.</subfield>
			<subfield code="b">Li, J</subfield>
			<subfield code="e">regular</subfield>
			<subfield code="7">SIMBAD</subfield>
		</datafield>
		<datafield tag="700" ind1=" " ind2=" ">
			<subfield code="a">Quintana, E. V.</subfield>
			<subfield code="b">Quintana, E</subfield>
			<subfield code="e">regular</subfield>
			<subfield code="7">SIMBAD</subfield>
		</datafield>
		<datafield tag="700" ind1=" " ind2=" ">
			<subfield code="a">Smith, J. C.</subfield>
			<subfield code="b">Smith, J</subfield>
			<subfield code="e">regular</subfield>
			<subfield code="7">SIMBAD</subfield>
		</datafield>
		<datafield tag="700" ind1=" " ind2=" ">
			<subfield code="a">Stumpe, M. C.</subfield>
			<subfield code="b">Stumpe, M</subfield>
			<subfield code="e">regular</subfield>
			<subfield code="7">SIMBAD</subfield>
		</datafield>
		<datafield tag="700" ind1=" " ind2=" ">
			<subfield code="a">Thompson, S. E.</subfield>
			<subfield code="b">Thompson, S</subfield>
			<subfield code="e">regular</subfield>
			<subfield code="7">SIMBAD</subfield>
		</datafield>
		<datafield tag="700" ind1=" " ind2=" ">
			<subfield code="a">Twicken, J. D.</subfield>
			<subfield code="b">Twicken, J</subfield>
			<subfield code="e">regular</subfield>
			<subfield code="7">SIMBAD</subfield>
		</datafield>
		<datafield tag="700" ind1=" " ind2=" ">
			<subfield code="a">van Cleve, J.</subfield>
			<subfield code="b">van Cleve, J</subfield>
			<subfield code="e">regular</subfield>
			<subfield code="7">SIMBAD</subfield>
		</datafield>
		<datafield tag="700" ind1=" " ind2=" ">
			<subfield code="a">Borucki, W. J.</subfield>
			<subfield code="b">Borucki, W</subfield>
			<subfield code="e">regular</subfield>
			<subfield code="7">SIMBAD</subfield>
		</datafield>
		<datafield tag="700" ind1=" " ind2=" ">
			<subfield code="a">Cote, M. T.</subfield>
			<subfield code="b">Cote, M</subfield>
			<subfield code="e">regular</subfield>
			<subfield code="7">SIMBAD</subfield>
		</datafield>
		<datafield tag="700" ind1=" " ind2=" ">
			<subfield code="a">Haas, M. R.</subfield>
			<subfield code="b">Haas, M</subfield>
			<subfield code="e">regular</subfield>
			<subfield code="7">SIMBAD</subfield>
		</datafield>
		<datafield tag="700" ind1=" " ind2=" ">
			<subfield code="a">Sanderfer, D. T.</subfield>
			<subfield code="b">Sanderfer, D</subfield>
			<subfield code="e">regular</subfield>
			<subfield code="7">SIMBAD</subfield>
		</datafield>
		<datafield tag="700" ind1=" " ind2=" ">
			<subfield code="a">Girouard, F. R.</subfield>
			<subfield code="b">Girouard, F</subfield>
			<subfield code="e">regular</subfield>
			<subfield code="7">SIMBAD</subfield>
		</datafield>
		<datafield tag="700" ind1=" " ind2=" ">
			<subfield code="a">Klaus, T. C.</subfield>
			<subfield code="b">Klaus, T</subfield>
			<subfield code="e">regular</subfield>
			<subfield code="7">SIMBAD</subfield>
		</datafield>
		<datafield tag="700" ind1=" " ind2=" ">
			<subfield code="a">Middour, C. K.</subfield>
			<subfield code="b">Middour, C</subfield>
			<subfield code="e">regular</subfield>
			<subfield code="7">SIMBAD</subfield>
		</datafield>
		<datafield tag="700" ind1=" " ind2=" ">
			<subfield code="a">Wohler, B.</subfield>
			<subfield code="b">Wohler, B</subfield>
			<subfield code="e">regular</subfield>
			<subfield code="7">SIMBAD</subfield>
		</datafield>
		<datafield tag="700" ind1=" " ind2=" ">
			<subfield code="a">Batalha, N. M.</subfield>
			<subfield code="b">Batalha, N</subfield>
			<subfield code="e">regular</subfield>
			<subfield code="7">SIMBAD</subfield>
		</datafield>
		<datafield tag="700" ind1=" " ind2=" ">
			<subfield code="a">Barclay, T.</subfield>
			<subfield code="b">Barclay, T</subfield>
			<subfield code="e">regular</subfield>
			<subfield code="7">SIMBAD</subfield>
		</datafield>
		<datafield tag="700" ind1=" " ind2=" ">
			<subfield code="a">Nickerson, J. E.</subfield>
			<subfield code="b">Nickerson, J</subfield>
			<subfield code="e">regular</subfield>
			<subfield code="7">SIMBAD</subfield>
		</datafield>
		<datafield tag="773" ind1=" " ind2=" ">
			<subfield code="p">VizieR Online Data Catalog</subfield>
			<!-- MODIFIED: "L" added to test volume field case-insensitivity -->
			<subfield code="v">L219</subfield>
			<!-- MODIFIED: added $n to test issue search -->
			<subfield code="n">4</subfield>
			<subfield code="c">90024</subfield>
			<subfield code="y">2012</subfield>
			<subfield code="z">VizieR On-line Data Catalog: J/ApJS/199/24. Originally published in: 2012ApJS..199...24T</subfield>
			<subfield code="7">SIMBAD</subfield>
		</datafield>
		<datafield tag="856" ind1="4" ind2=" ">
			<subfield code="u">http://$VIZIER$/viz-bin/VizieR?-source=J/ApJS/199/24</subfield>
			<subfield code="y"></subfield>
			<subfield code="3">data</subfield>
			<subfield code="7">ADS metadata</subfield>
		</datafield>
		<datafield tag="856" ind1="4" ind2=" ">
			<subfield code="u">http://adsabs.harvard.edu/abs/2012yCat..21990024T</subfield>
			<subfield code="y"></subfield>
			<subfield code="3">ADSlink</subfield>
			<subfield code="7">ADS metadata</subfield>
		</datafield>
		<datafield tag="961" ind1=" " ind2=" ">
			<subfield code="c">2012-05-08T11:10:33</subfield>
			<subfield code="x">2012-05-08T11:10:33</subfield>
			<subfield code="7">SIMBAD</subfield>
		</datafield>
		<datafield tag="970" ind1=" " ind2=" ">
			<subfield code="a">2012yCat..21990024T</subfield>
			<subfield code="7">ADS metadata</subfield>
		</datafield>
		<datafield tag="980" ind1=" " ind2=" ">
			<subfield code="a">ASTRONOMY</subfield>
			<subfield code="7">ADS metadata</subfield>
		</datafield>
		<datafield tag="980" ind1=" " ind2=" ">
			<subfield code="p">NONARTICLE</subfield>
			<subfield code="7">ADS metadata</subfield>
		</datafield>
		<datafield tag="980" ind1=" " ind2=" ">
			<subfield code="p">CATALOG</subfield>
			<subfield code="7">ADS metadata</subfield>
		</datafield>
		<datafield tag="995" ind1=" " ind2=" ">
			<subfield code="a">{"abs":[{"p":"/proj/ads/abstracts/ast/text/R13/R13-18091.abs","primary":1,"t":"1336489833"}],"links":{"associated":[{"t":"Source Paper","u":"2012ApJS..199...24T"},{"t":"Catalog Description","u":"2012yCat..21990024T"}],"data":[{"u":"http://$VIZIER$/viz-bin/VizieR?-source=J/ApJS/199/24"}]},"prop":["nonarticle"]}</subfield>
			<subfield code="7">ADS metadata</subfield>
		</datafield>
	</record>