
	<record>
		<controlfield tag="001">639183</controlfield>
		<controlfield tag="005">20120807170024.0</controlfield>
		<datafield tag="035" ind1=" " ind2=" ">
			<subfield code="a">1955stat.conf..163M</subfield>
			<subfield code="2">ADS bibcode</subfield>
			<subfield code="7">ADS metadata</subfield>
		</datafield>
		<datafield tag="100" ind1=" " ind2=" ">
			<subfield code="a">McKellar, Andrew</subfield>
			<subfield code="b">McKellar, A</subfield>
			<subfield code="e">regular</subfield>
			<subfield code="7">ADS</subfield>
		</datafield>
		<datafield tag="245" ind1=" " ind2=" ">
			<subfield code="a">Some Observational Results on the Spectra of Late-Type Giant Stars</subfield>
			<subfield code="7">ADS</subfield>
		</datafield>
		<datafield tag="260" ind1=" " ind2=" ">
			<subfield code="c">1955-00-00</subfield>
			<subfield code="t">date-published</subfield>
			<subfield code="7">ADS</subfield>
		</datafield>
		<datafield tag="260" ind1=" " ind2=" ">
			<subfield code="c">1955-00-00</subfield>
			<subfield code="t">main-date</subfield>
			<subfield code="7">ADS metadata</subfield>
		</datafield>
		<datafield tag="773" ind1=" " ind2=" ">
			<subfield code="p">Stellar Atmospheres</subfield>
			<subfield code="c">163</subfield>
			<subfield code="y">1955</subfield>
			<subfield code="z">Proceedings of the National Science Foundation conference on Stellar Atmospheres, held at Indiana University, September 30, October 1 and 2, 1954. Edited by Marshal H. Wrubel, 1955., p.163</subfield>
			<subfield code="7">ADS</subfield>
		</datafield>
		<datafield tag="961" ind1=" " ind2=" ">
			<subfield code="c">2011-02-23T01:16:43</subfield>
			<subfield code="x">2012-01-22T20:24:31</subfield>
			<subfield code="7">ADS</subfield>
		</datafield>
		<datafield tag="970" ind1=" " ind2=" ">
			<subfield code="a">1955stat.conf..163M</subfield>
			<subfield code="7">ADS metadata</subfield>
		</datafield>
		<datafield tag="980" ind1=" " ind2=" ">
			<subfield code="a">ASTRONOMY</subfield>
			<subfield code="7">ADS metadata</subfield>
		</datafield>
		<datafield tag="980" ind1=" " ind2=" ">
			<subfield code="p">INPROCEEDINGS</subfield>
			<subfield code="7">ADS metadata</subfield>
		</datafield>
		<datafield tag="995" ind1=" " ind2=" ">
			<subfield code="a">{"abs":[{"p":"/proj/ads/abstracts/ast/text/J55/J55-14936.abs","primary":1,"t":"1298441803"}],"prop":["toc"]}</subfield>
			<subfield code="7">ADS metadata</subfield>
		</datafield>
	</record>