
	<record>
		<controlfield tag="001">2310600</controlfield>
		<controlfield tag="005">20120808063509.0</controlfield>
		<datafield tag="024" ind1="7" ind2=" ">
			<subfield code="a">10.1086/158633</subfield>
			<subfield code="2">DOI</subfield>
			<subfield code="7">KNUDSEN</subfield>
		</datafield>
		<datafield tag="035" ind1=" " ind2=" ">
			<subfield code="a">1981ApJ...243..677D</subfield>
			<subfield code="2">ADS bibcode</subfield>
			<subfield code="7">ADS metadata</subfield>
		</datafield>
		<datafield tag="100" ind1=" " ind2=" ">
			<subfield code="a">Dwek, E.</subfield>
			<subfield code="b">Dwek, E</subfield>
			<subfield code="e">regular</subfield>
			<subfield code="7">KNUDSEN</subfield>
		</datafield>
		<datafield tag="245" ind1=" " ind2=" ">
			<subfield code="a">Erratum - Excitation Mechanisms for the Unidentified Infrared Emission Features</subfield>
			<subfield code="7">KNUDSEN</subfield>
		</datafield>
		<datafield tag="260" ind1=" " ind2=" ">
			<subfield code="c">1981-01-00</subfield>
			<subfield code="t">date-published</subfield>
			<subfield code="7">KNUDSEN</subfield>
		</datafield>
		<datafield tag="260" ind1=" " ind2=" ">
			<subfield code="c">1981-01-00</subfield>
			<subfield code="t">main-date</subfield>
			<subfield code="7">ADS metadata</subfield>
		</datafield>
		<datafield tag="500" ind1=" " ind2=" ">
			<subfield code="a">A&amp;AA ID. AAA029.133.901</subfield>
			<subfield code="7">KNUDSEN</subfield>
			<subfield code="9">ADS</subfield>
		</datafield>
		<datafield tag="591" ind1=" " ind2=" ">
			<subfield code="a">1980ApJ...238..140D</subfield>
			<subfield code="c">Main Paper</subfield>
			<subfield code="7">ADS metadata</subfield>
		</datafield>
		<datafield tag="591" ind1=" " ind2=" ">
			<subfield code="a">1981ApJ...243..677D</subfield>
			<subfield code="c">Erratum</subfield>
			<subfield code="7">ADS metadata</subfield>
		</datafield>
		<datafield tag="700" ind1=" " ind2=" ">
			<subfield code="a">Sellgren, K.</subfield>
			<subfield code="b">Sellgren, K</subfield>
			<subfield code="e">regular</subfield>
			<subfield code="7">KNUDSEN</subfield>
		</datafield>
		<datafield tag="700" ind1=" " ind2=" ">
			<subfield code="a">Soifer, B. T.</subfield>
			<subfield code="b">Soifer, B</subfield>
			<subfield code="e">regular</subfield>
			<subfield code="7">KNUDSEN</subfield>
		</datafield>
		<datafield tag="700" ind1=" " ind2=" ">
			<subfield code="a">Werner, M. W.</subfield>
			<subfield code="b">Werner, M</subfield>
			<subfield code="e">regular</subfield>
			<subfield code="7">KNUDSEN</subfield>
		</datafield>
		<!-- MODIFIED: author added to test author synonym handling: Kamp, I == Rentzsch Holm, Inga -->
		<datafield tag="700" ind1=" " ind2=" ">
		    <subfield code="a">Kamp, I.</subfield>
		    <subfield code="b">Kamp, I</subfield>
		    <subfield code="e">regular</subfield>
	    </datafield>
		<datafield tag="773" ind1=" " ind2=" ">
			<subfield code="p">The Astrophysical Journal</subfield>
			<subfield code="v">243</subfield>
			<subfield code="c">677</subfield>
			<subfield code="y">1981</subfield>
			<subfield code="z">Astrophysical Journal, Vol.243, P. 677, 1981</subfield>
			<subfield code="7">KNUDSEN</subfield>
		</datafield>
		<datafield tag="856" ind1="4" ind2=" ">
			<subfield code="u">http://adsabs.harvard.edu/abs/1981ApJ...243..677D</subfield>
			<subfield code="y"></subfield>
			<subfield code="3">ADSlink</subfield>
			<subfield code="7">ADS metadata</subfield>
		</datafield>
		<datafield tag="961" ind1=" " ind2=" ">
			<subfield code="c">2011-11-16T01:27:00</subfield>
			<subfield code="x">2012-01-23T08:23:27</subfield>
			<subfield code="7">KNUDSEN</subfield>
		</datafield>
		<datafield tag="970" ind1=" " ind2=" ">
			<subfield code="a">1981ApJ...243..677D</subfield>
			<subfield code="7">ADS metadata</subfield>
		</datafield>
		<datafield tag="980" ind1=" " ind2=" ">
			<subfield code="a">ASTRONOMY</subfield>
			<subfield code="7">ADS metadata</subfield>
		</datafield>
		<datafield tag="980" ind1=" " ind2=" ">
			<subfield code="p">OPENACCESS</subfield>
			<subfield code="7">ADS metadata</subfield>
		</datafield>
		<datafield tag="980" ind1=" " ind2=" ">
			<subfield code="p">REFEREED</subfield>
			<subfield code="7">ADS metadata</subfield>
		</datafield>
		<datafield tag="980" ind1=" " ind2=" ">
			<subfield code="p">ARTICLE</subfield>
			<subfield code="7">ADS metadata</subfield>
		</datafield>
		<datafield tag="995" ind1=" " ind2=" ">
			<subfield code="a">{"abs":[{"p":"/proj/ads/abstracts/ast/text/J81/J81-05387.abs","primary":1,"t":"1321424820"}],"full":[{"p":"/proj/ads/fulltext/extracted/19/81/Ap/J,/,,/24/3,/,6/77/D//fulltext.txt","t":1329862307}],"links":{"associated":[{"t":"Main Paper","u":"1980ApJ...238..140D"},{"t":"Erratum","u":"1981ApJ...243..677D"}]},"prop":["article","refereed"]}</subfield>
			<subfield code="7">ADS metadata</subfield>
		</datafield>
	</record>