
	<record>
		<controlfield tag="001">3813361</controlfield>
		<controlfield tag="005">20120809054033.0</controlfield>
		<datafield tag="024" ind1="7" ind2=" ">
			<subfield code="a">10.1146/annurev.aa.30.090192.002551</subfield>
			<subfield code="2">DOI</subfield>
			<subfield code="7">SIMBAD</subfield>
		</datafield>
		<datafield tag="035" ind1=" " ind2=" ">
			<subfield code="a">1992ARA&amp;A..30..543M</subfield>
			<subfield code="2">ADS bibcode</subfield>
			<subfield code="7">ADS metadata</subfield>
		</datafield>
		<datafield tag="100" ind1=" " ind2=" ">
			<subfield code="a">Monaghan, J. J.</subfield>
			<subfield code="b">Monaghan, J</subfield>
			<subfield code="e">regular</subfield>
			<subfield code="7">SIMBAD</subfield>
			<subfield code="u">Monash Univ., Clayton, Australia</subfield>
		</datafield>
		<datafield tag="245" ind1=" " ind2=" ">
			<subfield code="a">Smoothed particle hydrodynamics.</subfield>
			<subfield code="7">SIMBAD</subfield>
		</datafield>
		<datafield tag="260" ind1=" " ind2=" ">
			<subfield code="c">1992-00-00</subfield>
			<subfield code="t">date-published</subfield>
			<subfield code="7">SIMBAD</subfield>
		</datafield>
		<datafield tag="260" ind1=" " ind2=" ">
			<subfield code="c">1992-00-00</subfield>
			<subfield code="t">main-date</subfield>
			<subfield code="7">ADS metadata</subfield>
		</datafield>
		<datafield tag="520" ind1=" " ind2=" ">
			<subfield code="a">The fundamentals of the smoothed particle hydrodynamics (SPH) method and its applications in astrophysics are reviewed. The discussion covers equations of motion, viscosity amd thermal conduction, spatially varying resolution, kernels, magnetic fields, special relativity, and implementation. Applications of the SPH method are discussed with reference to gas dynamics, binary stars and stellar collisions, formation of the moon and impact problems, fragmentation and cloud collisions, and cosmological and galactic problems. Other applications discussed include disks and rings, radio jets, motion near black holes, supernovae, magnetic phenomena, and nearly incompressible flow.</subfield>
			<subfield code="7">STI</subfield>
		</datafield>
		<datafield tag="695" ind1=" " ind2=" ">
			<subfield code="a">COMPUTATIONAL FLUID DYNAMICS</subfield>
			<subfield code="b">methods numerical</subfield>
			<subfield code="2">NASA/STI</subfield>
			<subfield code="7">STI</subfield>
		</datafield>
		<datafield tag="695" ind1=" " ind2=" ">
			<subfield code="a">FINITE DIFFERENCE THEORY</subfield>
			<subfield code="b"></subfield>
			<subfield code="2">NASA/STI</subfield>
			<subfield code="7">STI</subfield>
		</datafield>
		<datafield tag="695" ind1=" " ind2=" ">
			<subfield code="a">HYDRODYNAMICS</subfield>
			<subfield code="b">hydrodynamics</subfield>
			<subfield code="2">NASA/STI</subfield>
			<subfield code="7">STI</subfield>
		</datafield>
		<datafield tag="695" ind1=" " ind2=" ">
			<subfield code="a">KERNEL FUNCTIONS</subfield>
			<subfield code="b"></subfield>
			<subfield code="2">NASA/STI</subfield>
			<subfield code="7">STI</subfield>
		</datafield>
		<datafield tag="695" ind1=" " ind2=" ">
			<subfield code="a">PARTICLE ENERGY</subfield>
			<subfield code="b"></subfield>
			<subfield code="2">NASA/STI</subfield>
			<subfield code="7">STI</subfield>
		</datafield>
		<datafield tag="695" ind1=" " ind2=" ">
			<subfield code="a">PARTICLE MASS</subfield>
			<subfield code="b"></subfield>
			<subfield code="2">NASA/STI</subfield>
			<subfield code="7">STI</subfield>
		</datafield>
		<datafield tag="695" ind1=" " ind2=" ">
			<subfield code="a">ANGULAR MOMENTUM</subfield>
			<subfield code="b">angular momentum</subfield>
			<subfield code="2">NASA/STI</subfield>
			<subfield code="7">STI</subfield>
		</datafield>
		<datafield tag="695" ind1=" " ind2=" ">
			<subfield code="a">PARTIAL DIFFERENTIAL EQUATIONS</subfield>
			<subfield code="b"></subfield>
			<subfield code="2">NASA/STI</subfield>
			<subfield code="7">STI</subfield>
		</datafield>
		<datafield tag="695" ind1=" " ind2=" ">
			<subfield code="a">PARTICLE IN CELL TECHNIQUE</subfield>
			<subfield code="b"></subfield>
			<subfield code="2">NASA/STI</subfield>
			<subfield code="7">STI</subfield>
		</datafield>
		<datafield tag="695" ind1=" " ind2=" ">
			<subfield code="a">PRESSURE GRADIENTS</subfield>
			<subfield code="b"></subfield>
			<subfield code="2">NASA/STI</subfield>
			<subfield code="7">STI</subfield>
		</datafield>
		<datafield tag="695" ind1=" " ind2=" ">
			<subfield code="a">Astrophysics</subfield>
			<subfield code="b"></subfield>
			<subfield code="2">STI category</subfield>
			<subfield code="7">STI</subfield>
		</datafield>
		<datafield tag="773" ind1=" " ind2=" ">
			<subfield code="p">Annual Review of Astronomy and Astrophysics</subfield>
			<subfield code="v">30</subfield>
			<subfield code="c">543</subfield>
			<subfield code="y">1992</subfield>
			<subfield code="z">Annual Rev. Astron. Astrophys., 30, 543-574 (1992)</subfield>
			<subfield code="7">SIMBAD</subfield>
		</datafield>
		<datafield tag="856" ind1="4" ind2=" ">
			<subfield code="u">http://astro.AnnualReviews.org/doi/pdf/10.1146/annurev.aa.30.090192.002551</subfield>
			<subfield code="y"></subfield>
			<subfield code="3">pdf</subfield>
			<subfield code="7">ADS metadata</subfield>
		</datafield>
		<datafield tag="856" ind1="4" ind2=" ">
			<subfield code="u">http://adsabs.harvard.edu/abs/1992ARA%26A..30..543M</subfield>
			<subfield code="y"></subfield>
			<subfield code="3">ADSlink</subfield>
			<subfield code="7">ADS metadata</subfield>
		</datafield>
		<datafield tag="961" ind1=" " ind2=" ">
			<subfield code="c">2011-05-04T11:50:19</subfield>
			<subfield code="x">2012-01-23T11:08:51</subfield>
			<subfield code="7">ISI</subfield>
		</datafield>
		<datafield tag="970" ind1=" " ind2=" ">
			<subfield code="a">1992ARA&amp;A..30..543M</subfield>
			<subfield code="7">ADS metadata</subfield>
		</datafield>
		<datafield tag="980" ind1=" " ind2=" ">
			<subfield code="a">ASTRONOMY</subfield>
			<subfield code="7">ADS metadata</subfield>
		</datafield>
		<datafield tag="980" ind1=" " ind2=" ">
			<subfield code="p">OPENACCESS</subfield>
			<subfield code="7">ADS metadata</subfield>
		</datafield>
		<datafield tag="980" ind1=" " ind2=" ">
			<subfield code="p">REFEREED</subfield>
			<subfield code="7">ADS metadata</subfield>
		</datafield>
		<datafield tag="980" ind1=" " ind2=" ">
			<subfield code="p">ARTICLE</subfield>
			<subfield code="7">ADS metadata</subfield>
		</datafield>
		<datafield tag="995" ind1=" " ind2=" ">
			<subfield code="a">{"abs":[{"p":"/proj/ads/abstracts/ast/text/A93/A93-25841.abs","primary":1,"t":"1304524219"},{"p":"/proj/ads/abstracts/ast/text/J93/J93-25841.abs","t":"1321417313"},{"p":"/proj/ads/abstracts/ast/text/S93/S93-25841.abs","t":"1298482988"}],"full":[{"p":"/proj/ads/fulltext/extracted/19/92/AR/A&amp;/A,/,3/0,/,5/43/M//fulltext.txt","t":1329869773}],"links":{"pdf":[{"u":"http://astro.AnnualReviews.org/doi/pdf/10.1146/annurev.aa.30.090192.002551"}]},"prop":["article","refereed","toc"],"refs":[{"p":"/proj/ads/references/resolved/ARA&amp;A/0030/1992ARA&amp;A..30..543M.ref.ocr.txt.result","t":1315984784},{"p":"/proj/ads/references/resolved/ISI/ARA&amp;A/ARA&amp;A0030.isi.pairs.result","t":1302279792}]}</subfield>
			<subfield code="7">ADS metadata</subfield>
		</datafield>
		<datafield tag="999" ind1="C" ind2="5">
			<subfield code="i">1990Sci...249..366C</subfield>
			<subfield code="e">1</subfield>
			<subfield code="f">OCR</subfield>
			<subfield code="b">Chyba, C. F., Thomas, P. J., Brookshaw, L., Sagan, C. 1990. Science 289: 366</subfield>
			<subfield code="7">OCR</subfield>
		</datafield>
		<datafield tag="999" ind1="C" ind2="5">
			<subfield code="b">Benz, W., Slattery, W. L., Cameron, A. G. W.  1987. Icarus 71: 30</subfield>
			<subfield code="e">1</subfield>
			<subfield code="f">ISI</subfield>
			<subfield code="i">1987Icar...71...30B</subfield>
			<subfield code="7">ISI</subfield>
		</datafield>
	</record>