
	<record>
		<controlfield tag="001">10</controlfield>
		<datafield ind1=" " ind2=" " tag="970">
			<subfield code="a">2002RvMP....74...10</subfield>
		</datafield>
		<datafield ind1=" " ind2=" " tag="245">
			<subfield code="a">Test of citation query - 10:11,12</subfield>
		</datafield>
		<datafield ind1="C" ind2="5" tag="999">
			<subfield code="i">2002RvMP....74...11</subfield>
		</datafield>
		<datafield ind1="C" ind2="5" tag="999">
			<subfield code="i">2002RvMP....74...12</subfield>
		</datafield>
	</record>