
	<record>
		<controlfield tag="001">14</controlfield>
		<datafield ind1=" " ind2=" " tag="970">
			<subfield code="a">2002RvMP....74...14</subfield>
		</datafield>
		<datafield ind1=" " ind2=" " tag="245">
			<subfield code="a">Test of citation query - 14:</subfield>
		</datafield>
	</record>