
	
	<record>
        <controlfield tag="001">20</controlfield>
        <datafield ind1=" " ind2=" " tag="970">
            <subfield code="a">9999XXXX..xxxxxxx20</subfield>
        </datafield>
        <datafield ind1=" " ind2=" " tag="245">
            <subfield code="a">DateParsingTest #1</subfield>
        </datafield>
        <datafield tag="260" ind1=" " ind2=" ">
            <subfield code="c">1976-00-00</subfield>
            <subfield code="t">main-date</subfield>
            <subfield code="7">ARI</subfield>
        </datafield>
    </record>