
    <record>
        <controlfield tag="001">23</controlfield>
        <datafield ind1=" " ind2=" " tag="970">
            <subfield code="a">9999XXXX..xxxxxxx23</subfield>
        </datafield>
        <datafield ind1=" " ind2=" " tag="245">
            <subfield code="a">DateParsingTest #4</subfield>
        </datafield>
        <datafield tag="260" ind1=" " ind2=" ">
            <subfield code="c">1976-02-01</subfield>
            <subfield code="t">main-date</subfield>
            <subfield code="7">ARI</subfield>
        </datafield>
    </record>