
    <record>
        <controlfield tag="001">27</controlfield>
        <datafield ind1=" " ind2=" " tag="970">
            <subfield code="a">9999XXXX..xxxxxxx26</subfield>
        </datafield>
        <datafield ind1=" " ind2=" " tag="245">
            <subfield code="a">DateParsingTest #8</subfield>
        </datafield>
        <datafield tag="260" ind1=" " ind2=" ">
            <subfield code="c">1977-01-01</subfield>
            <subfield code="t">main-date</subfield>
            <subfield code="7">ADS metadata</subfield>
        </datafield>
    </record>